@article{amorim_2017_radio,
  author = {Amorim, Rafhael and Nguyen, Huan and Mogensen, Preben and Kovacs, Istvan Z. and Wigard, Jeroen and Sorensen, Troels B.},
  month = {08},
  pages = {514-517},
  title = {Radio Channel Modeling for UAV Communication Over Cellular Networks},
  urldate = {2020-04-08},
  volume = {6},
  year = {2017},
  journal = {IEEE Wireless Communications Letters}
}

@article{nguyen_2018_how,
  author = {Nguyen, Huan Cong and Amorim, Rafhael and Wigard, Jeroen and Kovacs, Istvan Z. and Sorensen, Troels B. and Mogensen, Preben E.},
  pages = {12304-12317},
  title = {How to Ensure Reliable Connectivity for Aerial Vehicles Over Cellular Networks},
  urldate = {2020-04-08},
  volume = {6},
  year = {2018},
  journal = {IEEE Access}
}

@article{amorim_2018_measured,
  author = {Amorim, Rafhael and Nguyen, Huan and Wigard, Jeroen and Kovacs, Istvan Z. and Sorensen, Troels B. and Biro, David Z. and Sorensen, Mads and Mogensen, Preben},
  month = {12},
  pages = {958-961},
  title = {Measured Uplink Interference Caused by Aerial Vehicles in LTE Cellular Networks},
  urldate = {2020-04-08},
  volume = {7},
  year = {2018},
  journal = {IEEE Wireless Communications Letters}
}

@article{chen_2018_toward,
  author = {Chen, Yan and Bayesteh, Alireza and Wu, Yiqun and Ren, Bin and Kang, Shaoli and Sun, Shaohui and Xiong, Qi and Qian, Chen and Yu, Bin and Ding, Zhiguo and Wang, Sen and Han, Shuangfeng and Hou, Xiaolin and Lin, Hao and Visoz, Raphael and Razavi, Razieh},
  annote = {cdma ref},
  month = {03},
  pages = {19-27},
  title = {Toward the Standardization of Non-Orthogonal Multiple Access for Next Generation Wireless Networks},
  urldate = {2020-04-08},
  volume = {56},
  year = {2018},
  journal = {IEEE Communications Magazine}
}

@article{cheng_2008_theoretical,
  author = {Cheng, Hsien-Chie and Chen, Wen-Hwa and Cheng, Hwa-Fa},
  annote = {thermal},
  month = {04},
  pages = {575-588},
  title = {Theoretical and experimental characterization of heat dissipation in a board-level microelectronic component},
  urldate = {2020-04-08},
  volume = {28},
  year = {2008},
  journal = {Applied Thermal Engineering}
}

@misc{goldman_2010_4g,
  author = {Goldman,  David},
  title = {4G is a myth (and a confusing mess) - Dec. 1, 2010},
  url = {https://money.cnn.com/2010/12/01/technology/4g_myth/index.htm},
  urldate = {2020-04-08},
  year = {2010},
  organization = {Cnn.com}
}

@misc{uavpal_2019_uavpaldisco4g,
  author = {uavpal},
  month = {11},
  title = {uavpal/disco4g},
  url = {https://github.com/uavpal/disco4g/blob/master/README.md#top},
  urldate = {2020-04-08},
  year = {2019},
  organization = {GitHub}
}

@article{maskey_2015_latency,
  author = {Maskey, Niwas and Horsmanheimo, Seppo and Tuomimaki, Lotta},
  month = {07},
  title = {Latency analysis of LTE network for M2M applications},
  urldate = {2020-04-08},
  year = {2015},
  journal = {2015 13th International Conference on Telecommunications (ConTEL)}
}

@misc{a2020_opencellid,
  title = {OpenCelliD - Largest Open Database of Cell Towers & Geolocation - by Unwired Labs},
  url = {https://opencellid.org/},
  urldate = {2020-04-08},
  year = {2020},
  organization = {Opencellid.org}
}

@misc{wikipediacontributors_2019_amazon,
  author = {Wikipedia Contributors},
  month = {04},
  publisher = {Wikimedia Foundation},
  title = {Amazon Prime Air},
  url = {https://en.wikipedia.org/wiki/Amazon_Prime_Air},
  year = {2019},
  organization = {Wikipedia}
}

@misc{betaflight_2020_betaflightbetaflight,
  author = {betaflight},
  month = {03},
  title = {betaflight/betaflight},
  url = {https://github.com/betaflight/betaflight/wiki},
  urldate = {2020-04-09},
  year = {2020},
  organization = {GitHub}
}

@misc{a2020_multiwii,
  title = {MultiWii},
  url = {http://www.multiwii.com/},
  urldate = {2020-04-09},
  year = {2020},
  organization = {MultiWii}
}